<?xml version="1.0" encoding="UTF-8"?><collection xmlns="http://www.loc.gov/MARC21/slim"><record><leader>00619nam--2200193-u-4500</leader><controlfield tag="001">000054494</controlfield><controlfield tag="002">20161230</controlfield><controlfield tag="005">20170107160812</controlfield><controlfield tag="008">120111s1000------------r-----000-0-rus-d</controlfield><datafield ind1=" " ind2=" " tag="040"><subfield code="a">IFIN-HH</subfield></datafield><datafield ind1=" " ind2=" " tag="041"><subfield code="a">rus</subfield></datafield><datafield ind1=" " ind2=" " tag="080"><subfield code="a">539.12.08(061.3)</subfield></datafield><datafield ind1="1" ind2=" " tag="110"><subfield code="a">Sovet Ekonomiceskoi Vzaimopomosi</subfield></datafield><datafield ind1="1" ind2="0" tag="245"><subfield code="a">Metodi polucenia i izmerenia obraztovih istocenikov i rastvorov</subfield><subfield code="b">II. Mejdunarodnii Simpozium, Csopak, Vnr., Sentiabri 1984 g</subfield></datafield><datafield ind1=" " ind2=" " tag="260"><subfield code="a">Budapest</subfield><subfield code="b">Vengerskaia Komissia Po Atomnoi Energii</subfield><subfield code="c">1984</subfield></datafield><datafield ind1=" " ind2=" " tag="300"><subfield code="a">2 volume</subfield></datafield><datafield ind1="1" ind2=" " tag="787"><subfield code="a">Tom II</subfield><subfield code="h">/302 p./590 p</subfield></datafield><datafield ind1=" " ind2=" " tag="852"><subfield code="a">72498</subfield><subfield code="c">539.12</subfield></datafield><datafield ind1=" " ind2=" " tag="CAT"><subfield code="a">SYS</subfield><subfield code="c">20170107</subfield><subfield code="h">160812</subfield></datafield></record></collection>